%YAML 1.1
%TAG !u! tag:unity3d.com,2011:
--- !u!1 &430609471400224939
GameObject:
  m_ObjectHideFlags: 0
  m_CorrespondingSourceObject: {fileID: 0}
  m_PrefabInstance: {fileID: 0}
  m_PrefabAsset: {fileID: 0}
  serializedVersion: 6
  m_Component:
  - component: {fileID: 2783122995842479038}
  - component: {fileID: 7888761211608814306}
  - component: {fileID: -4132727078487061799}
  - component: {fileID: 8868407390637713847}
  m_Layer: 7
  m_Name: PlanetShield_03
  m_TagString: Untagged
  m_Icon: {fileID: 0}
  m_NavMeshLayer: 0
  m_StaticEditorFlags: 0
  m_IsActive: 1
--- !u!4 &2783122995842479038
Transform:
  m_ObjectHideFlags: 0
  m_CorrespondingSourceObject: {fileID: 0}
  m_PrefabInstance: {fileID: 0}
  m_PrefabAsset: {fileID: 0}
  m_GameObject: {fileID: 430609471400224939}
  m_LocalRotation: {x: 0, y: 0, z: 0, w: 1}
  m_LocalPosition: {x: 0, y: 0, z: 0}
  m_LocalScale: {x: 1, y: 1, z: 1}
  m_Children:
  - {fileID: 796783006958257889}
  m_Father: {fileID: 0}
  m_RootOrder: 0
  m_LocalEulerAnglesHint: {x: 0, y: 0, z: 0}
--- !u!114 &7888761211608814306
MonoBehaviour:
  m_ObjectHideFlags: 0
  m_CorrespondingSourceObject: {fileID: 0}
  m_PrefabInstance: {fileID: 0}
  m_PrefabAsset: {fileID: 0}
  m_GameObject: {fileID: 430609471400224939}
  m_Enabled: 1
  m_EditorHideFlags: 0
  m_Script: {fileID: 11500000, guid: 6eb5d719aaeb9954283d3f2ea26e7881, type: 3}
  m_Name: 
  m_EditorClassIdentifier: 
  IsEnemy: 0
  m_rechargeRate: 0
--- !u!114 &-4132727078487061799
MonoBehaviour:
  m_ObjectHideFlags: 0
  m_CorrespondingSourceObject: {fileID: 0}
  m_PrefabInstance: {fileID: 0}
  m_PrefabAsset: {fileID: 0}
  m_GameObject: {fileID: 430609471400224939}
  m_Enabled: 1
  m_EditorHideFlags: 0
  m_Script: {fileID: 11500000, guid: 1079e15532fcdb045a6bbe45e66a4204, type: 3}
  m_Name: 
  m_EditorClassIdentifier: 
  maxHealth: 1
  m_currentHealth: 0
  spriteRenderers: []
  hitFlashColor: {r: 1, g: 0, b: 0, a: 1}
  originalColor: {r: 0, g: 0, b: 0, a: 0}
  fillBar: {fileID: 0}
--- !u!60 &8868407390637713847
PolygonCollider2D:
  m_ObjectHideFlags: 0
  m_CorrespondingSourceObject: {fileID: 0}
  m_PrefabInstance: {fileID: 0}
  m_PrefabAsset: {fileID: 0}
  m_GameObject: {fileID: 430609471400224939}
  m_Enabled: 1
  m_Density: 1
  m_Material: {fileID: 0}
  m_IsTrigger: 0
  m_UsedByEffector: 0
  m_UsedByComposite: 0
  m_Offset: {x: 0, y: 0}
  m_SpriteTilingProperty:
    border: {x: 0, y: 0, z: 0, w: 0}
    pivot: {x: 0, y: 0}
    oldSize: {x: 0, y: 0}
    newSize: {x: 0, y: 0}
    adaptiveTilingThreshold: 0
    drawMode: 0
    adaptiveTiling: 0
  m_AutoTiling: 0
  m_Points:
    m_Paths:
    - - {x: 0.1748077, y: 0.42811272}
      - {x: 0.0921122, y: 0.45386738}
      - {x: 0.000753372, y: 0.46189684}
      - {x: -0.09912843, y: 0.4495184}
      - {x: -0.1944837, y: 0.42051193}
      - {x: -0.27090028, y: 0.37543443}
      - {x: -0.35227713, y: 0.3074503}
      - {x: -0.40788484, y: 0.23472366}
      - {x: -0.44389644, y: 0.16532898}
      - {x: -0.46647555, y: 0.08753355}
      - {x: -0.47377482, y: 0.008746825}
      - {x: -0.4675256, y: -0.08298171}
      - {x: -0.45071027, y: -0.15882356}
      - {x: -0.41958237, y: -0.2337824}
      - {x: -0.37040257, y: -0.3216468}
      - {x: -0.27522066, y: -0.24445578}
      - {x: -0.3445346, y: -0.13116398}
      - {x: -0.37991315, y: -0.003497444}
      - {x: -0.34833598, y: 0.11969194}
      - {x: -0.28007025, y: 0.23733775}
      - {x: -0.1576699, y: 0.3254881}
      - {x: 0.00013418496, y: 0.35984993}
      - {x: 0.1574896, y: 0.32564318}
      - {x: 0.28095222, y: 0.23658508}
      - {x: 0.3409364, y: 0.1246044}
      - {x: 0.3689852, y: 0.0017224476}
      - {x: 0.346251, y: -0.13311481}
      - {x: 0.27371567, y: -0.24506825}
      - {x: 0.36474064, y: -0.3184762}
      - {x: 0.4253864, y: -0.24297443}
      - {x: 0.4529645, y: -0.16355507}
      - {x: 0.47193286, y: -0.08212013}
      - {x: 0.475635, y: 0.006539725}
      - {x: 0.46382633, y: 0.09982046}
      - {x: 0.437365, y: 0.17120731}
      - {x: 0.4018146, y: 0.24362503}
      - {x: 0.3510874, y: 0.30652735}
      - {x: 0.27161223, y: 0.3771841}
--- !u!1 &4960660515648806854
GameObject:
  m_ObjectHideFlags: 0
  m_CorrespondingSourceObject: {fileID: 0}
  m_PrefabInstance: {fileID: 0}
  m_PrefabAsset: {fileID: 0}
  serializedVersion: 6
  m_Component:
  - component: {fileID: 796783006958257889}
  - component: {fileID: 2778236502144946137}
  m_Layer: 7
  m_Name: planet_shield_update
  m_TagString: Untagged
  m_Icon: {fileID: 0}
  m_NavMeshLayer: 0
  m_StaticEditorFlags: 0
  m_IsActive: 1
--- !u!4 &796783006958257889
Transform:
  m_ObjectHideFlags: 0
  m_CorrespondingSourceObject: {fileID: 0}
  m_PrefabInstance: {fileID: 0}
  m_PrefabAsset: {fileID: 0}
  m_GameObject: {fileID: 4960660515648806854}
  m_LocalRotation: {x: -0, y: -0, z: -0, w: 1}
  m_LocalPosition: {x: 0, y: 0, z: 0}
  m_LocalScale: {x: 0.1, y: 0.1, z: 0.1}
  m_Children: []
  m_Father: {fileID: 2783122995842479038}
  m_RootOrder: 0
  m_LocalEulerAnglesHint: {x: 0, y: 0, z: 0}
--- !u!212 &2778236502144946137
SpriteRenderer:
  m_ObjectHideFlags: 0
  m_CorrespondingSourceObject: {fileID: 0}
  m_PrefabInstance: {fileID: 0}
  m_PrefabAsset: {fileID: 0}
  m_GameObject: {fileID: 4960660515648806854}
  m_Enabled: 1
  m_CastShadows: 0
  m_ReceiveShadows: 0
  m_DynamicOccludee: 1
  m_MotionVectors: 1
  m_LightProbeUsage: 1
  m_ReflectionProbeUsage: 1
  m_RayTracingMode: 0
  m_RayTraceProcedural: 0
  m_RenderingLayerMask: 1
  m_RendererPriority: 0
  m_Materials:
  - {fileID: 10754, guid: 0000000000000000f000000000000000, type: 0}
  m_StaticBatchInfo:
    firstSubMesh: 0
    subMeshCount: 0
  m_StaticBatchRoot: {fileID: 0}
  m_ProbeAnchor: {fileID: 0}
  m_LightProbeVolumeOverride: {fileID: 0}
  m_ScaleInLightmap: 1
  m_ReceiveGI: 1
  m_PreserveUVs: 0
  m_IgnoreNormalsForChartDetection: 0
  m_ImportantGI: 0
  m_StitchLightmapSeams: 1
  m_SelectedEditorRenderState: 0
  m_MinimumChartSize: 4
  m_AutoUVMaxDistance: 0.5
  m_AutoUVMaxAngle: 89
  m_LightmapParameters: {fileID: 0}
  m_SortingLayerID: -1844988941
  m_SortingLayer: 3
  m_SortingOrder: 0
  m_Sprite: {fileID: 21300000, guid: 0e016154f61b5794496ca802e59ba878, type: 3}
  m_Color: {r: 1, g: 1, b: 1, a: 1}
  m_FlipX: 0
  m_FlipY: 0
  m_DrawMode: 0
  m_Size: {x: 10.24, y: 10.24}
  m_AdaptiveModeThreshold: 0.5
  m_SpriteTileMode: 0
  m_WasSpriteAssigned: 1
  m_MaskInteraction: 0
  m_SpriteSortPoint: 0
